@String(PAMI = {IEEE Trans. Pattern Anal. Mach. Intell.})
@String(IJCV = {Int. J. Comput. Vis.})
@String(CVPR= {IEEE Conf. Comput. Vis. Pattern Recog.})
@String(ICCV= {Int. Conf. Comput. Vis.})
@String(ECCV= {Eur. Conf. Comput. Vis.})
@String(NIPS= {Adv. Neural Inform. Process. Syst.})
@String(ICPR = {Int. Conf. Pattern Recog.})
@String(BMVC= {Brit. Mach. Vis. Conf.})
@String(TOG= {ACM Trans. Graph.})
@String(TIP  = {IEEE Trans. Image Process.})
@String(TVCG  = {IEEE Trans. Vis. Comput. Graph.})
@String(TMM  = {IEEE Trans. Multimedia})
@String(ACMMM= {ACM Int. Conf. Multimedia})
@String(ICME = {Int. Conf. Multimedia and Expo})
@String(ICASSP=	{ICASSP})
@String(ICIP = {IEEE Int. Conf. Image Process.})
@String(ACCV  = {ACCV})
@String(ICLR = {Int. Conf. Learn. Represent.})
@String(IJCAI = {IJCAI})
@String(PR   = {Pattern Recognition})
@String(AAAI = {AAAI})
@String(CVPRW= {IEEE Conf. Comput. Vis. Pattern Recog. Worksh.})
@String(CSVT = {IEEE Trans. Circuit Syst. Video Technol.})

@String(SPL	= {IEEE Sign. Process. Letters})
@String(VR   = {Vis. Res.})
@String(JOV	 = {J. Vis.})
@String(TVC  = {The Vis. Comput.})
@String(JCST  = {J. Comput. Sci. Tech.})
@String(CGF  = {Comput. Graph. Forum})
@String(CVM = {Computational Visual Media})


@String(PAMI  = {IEEE TPAMI})
@String(IJCV  = {IJCV})
@String(CVPR  = {CVPR})
@String(ICCV  = {ICCV})
@String(ECCV  = {ECCV})
@String(NIPS  = {NeurIPS})
@String(ICPR  = {ICPR})
@String(BMVC  =	{BMVC})
@String(TOG   = {ACM TOG})
@String(TIP   = {IEEE TIP})
@String(TVCG  = {IEEE TVCG})
@String(TCSVT = {IEEE TCSVT})
@String(TMM   =	{IEEE TMM})
@String(ACMMM = {ACM MM})
@String(ICME  =	{ICME})
@String(ICASSP=	{ICASSP})
@String(ICIP  = {ICIP})
@String(ACCV  = {ACCV})
@String(ICLR  = {ICLR})
@String(IJCAI = {IJCAI})
@String(PR = {PR})
@String(AAAI = {AAAI})
@String(CVPRW= {CVPRW})
@String(CSVT = {IEEE TCSVT})



@misc{Authors14,
 author = {FirstName LastName},
 title = {The frobnicatable foo filter},
 note = {Face and Gesture submission ID 324. Supplied as supplemental material {\tt fg324.pdf}},
 year = 2014
}

@misc{Authors14b,
 author = {FirstName LastName},
 title = {Frobnication tutorial},
 note = {Supplied as supplemental material {\tt tr.pdf}},
 year = 2014
}

@article{Alpher02,
author = {FirstName Alpher},
title = {Frobnication},
journal = PAMI,
volume = 12,
number = 1,
pages = {234--778},
year = 2002
}

@article{Alpher03,
author = {FirstName Alpher and  FirstName Fotheringham-Smythe},
title = {Frobnication revisited},
journal = {Journal of Foo},
volume = 13,
number = 1,
pages = {234--778},
year = 2003
}

@article{Alpher04,
author = {FirstName Alpher and FirstName Fotheringham-Smythe and FirstName Gamow},
title = {Can a machine frobnicate?},
journal = {Journal of Foo},
volume = 14,
number = 1,
pages = {234--778},
year = 2004
}

@inproceedings{Alpher05,
author = {FirstName Alpher and FirstName Gamow},
title = {Can a computer frobnicate?},
booktitle = CVPR,
pages = {234--778},
year = 2005
}
@article{gao2022rf,
  title={Rf-next: Efficient receptive field search for convolutional neural networks},
  author={Gao, Shanghua and Li, Zhong-Yu and Han, Qi and Cheng, Ming-Ming and Wang, Liang},
  journal={IEEE transactions on pattern analysis and machine intelligence},
  volume={45},
  number={3},
  pages={2984--3002},
  year={2022},
  publisher={IEEE}
}
@article{gao2019res2net,
  title={Res2net: A new multi-scale backbone architecture},
  author={Gao, Shang-Hua and Cheng, Ming-Ming and Zhao, Kai and Zhang, Xin-Yu and Yang, Ming-Hsuan and Torr, Philip},
  journal={IEEE transactions on pattern analysis and machine intelligence},
  volume={43},
  number={2},
  pages={652--662},
  year={2019},
  publisher={IEEE}
}
@inproceedings{he2016deep,
  title={Deep residual learning for image recognition},
  author={He, Kaiming and Zhang, Xiangyu and Ren, Shaoqing and Sun, Jian},
  booktitle={Proceedings of the IEEE conference on computer vision and pattern recognition},
  pages={770--778},
  year={2016}
}
@article{wei2023cat,
  title={CAT: a coarse-to-fine attention tree for semantic change detection},
  author={Wei, Xiu-Shen and Xu, Yu-Yan and Zhang, Chen-Lin and Xia, Gui-Song and Peng, Yu-Xin},
  journal={Visual Intelligence},
  volume={1},
  number={1},
  pages={3},
  year={2023},
  publisher={Springer}
}
@inproceedings{chen2018encoder,
  title={Encoder-decoder with atrous separable convolution for semantic image segmentation},
  author={Chen, Liang-Chieh and Zhu, Yukun and Papandreou, George and Schroff, Florian and Adam, Hartwig},
  booktitle={Proceedings of the European conference on computer vision (ECCV)},
  pages={801--818},
  year={2018}
}
@article{gong2022erroneous,
  title={Erroneous pixel prediction for semantic image segmentation},
  author={Gong, Lixue and Zhang, Yiqun and Zhang, Yunke and Yang, Yin and Xu, Weiwei},
  journal={Computational Visual Media},
  volume={8},
  pages={165--175},
  year={2022},
  publisher={Springer}
}
@article{guo2022segnext,
  title={Segnext: Rethinking convolutional attention design for semantic segmentation},
  author={Guo, Meng-Hao and Lu, Cheng-Ze and Hou, Qibin and Liu, Zhengning and Cheng, Ming-Ming and Hu, Shi-Min},
  journal={Advances in neural information processing systems},
  volume={35},
  pages={1140--1156},
  year={2022}
}
@article{jiang2023deep,
  title={Deep learning-based moving object segmentation: Recent progress and research prospects},
  author={Jiang, Rui and Zhu, Ruixiang and Su, Hu and Li, Yinlin and Xie, Yuan and Zou, Wei},
  journal={Machine Intelligence Research},
  volume={20},
  number={3},
  pages={335--369},
  year={2023},
  publisher={Springer}
}
@inproceedings{deng2009imagenet,
  title={Imagenet: A large-scale hierarchical image database},
  author={Deng, Jia and Dong, Wei and Socher, Richard and Li, Li-Jia and Li, Kai and Fei-Fei, Li},
  booktitle={2009 IEEE conference on computer vision and pattern recognition},
  pages={248--255},
  year={2009},
  organization={Ieee}
}
@inproceedings{lin2014microsoft,
  title={Microsoft coco: Common objects in context},
  author={Lin, Tsung-Yi and Maire, Michael and Belongie, Serge and Hays, James and Perona, Pietro and Ramanan, Deva and Doll{\'a}r, Piotr and Zitnick, C Lawrence},
  booktitle={Computer vision--ECCV 2014: 13th European conference, zurich, Switzerland, September 6-12, 2014, proceedings, part v 13},
  pages={740--755},
  year={2014},
  organization={Springer}
}
@inproceedings{jiang2022l2g,
  title={L2g: A simple local-to-global knowledge transfer framework for weakly supervised semantic segmentation},
  author={Jiang, Peng-Tao and Yang, Yuqi and Hou, Qibin and Wei, Yunchao},
  booktitle={Proceedings of the IEEE/CVF conference on computer vision and pattern recognition},
  pages={16886--16896},
  year={2022}
}
@article{jiang2021online,
  title={Online attention accumulation for weakly supervised semantic segmentation},
  author={Jiang, Peng-Tao and Han, Ling-Hao and Hou, Qibin and Cheng, Ming-Ming and Wei, Yunchao},
  journal={IEEE Transactions on Pattern Analysis and Machine Intelligence},
  volume={44},
  number={10},
  pages={7062--7077},
  year={2021},
  publisher={IEEE}
}
@inproceedings{wang2020self,
  title={Self-supervised equivariant attention mechanism for weakly supervised semantic segmentation},
  author={Wang, Yude and Zhang, Jie and Kan, Meina and Shan, Shiguang and Chen, Xilin},
  booktitle={Proceedings of the IEEE/CVF conference on computer vision and pattern recognition},
  pages={12275--12284},
  year={2020}
}
@article{gao2022large,
  title={Large-scale unsupervised semantic segmentation},
  author={Gao, Shanghua and Li, Zhong-Yu and Yang, Ming-Hsuan and Cheng, Ming-Ming and Han, Junwei and Torr, Philip},
  journal={IEEE transactions on pattern analysis and machine intelligence},
  volume={45},
  number={6},
  pages={7457--7476},
  year={2022},
  publisher={IEEE}
}@inproceedings{harb2021infoseg,
  title={Infoseg: Unsupervised semantic image segmentation with mutual information maximization},
  author={Harb, Robert and Kn{\"o}belreiter, Patrick},
  booktitle={DAGM German Conference on Pattern Recognition},
  pages={18--32},
  year={2021},
  organization={Springer}
}
@inproceedings{hwang2019segsort,
  title={Segsort: Segmentation by discriminative sorting of segments},
  author={Hwang, Jyh-Jing and Yu, Stella X and Shi, Jianbo and Collins, Maxwell D and Yang, Tien-Ju and Zhang, Xiao and Chen, Liang-Chieh},
  booktitle={Proceedings of the IEEE/CVF International Conference on Computer Vision},
  pages={7334--7344},
  year={2019}
}

@article{hu2021semi,
  title={Semi-supervised semantic segmentation via adaptive equalization learning},
  author={Hu, Hanzhe and Wei, Fangyun and Hu, Han and Ye, Qiwei and Cui, Jinshi and Wang, Liwei},
  journal={Advances in Neural Information Processing Systems},
  volume={34},
  pages={22106--22118},
  year={2021}
}

@article{hong2015decoupled,
  title={Decoupled deep neural network for semi-supervised semantic segmentation},
  author={Hong, Seunghoon and Noh, Hyeonwoo and Han, Bohyung},
  journal={Advances in neural information processing systems},
  volume={28},
  year={2015}
}

@article{french2019semi,
  title={Semi-supervised semantic segmentation needs strong, varied perturbations},
  author={French, Geoff and Laine, Samuli and Aila, Timo and Mackiewicz, Michal and Finlayson, Graham},
  journal={arXiv preprint arXiv:1906.01916},
  year={2019}
}

@article{jin2022semi,
  title={Semi-supervised semantic segmentation via gentle teaching assistant},
  author={Jin, Ying and Wang, Jiaqi and Lin, Dahua},
  journal={Advances in Neural Information Processing Systems},
  volume={35},
  pages={2803--2816},
  year={2022}
}

@article{ke2022three,
  title={A three-stage self-training framework for semi-supervised semantic segmentation},
  author={Ke, Rihuan and Aviles-Rivero, Angelica I and Pandey, Saurabh and Reddy, Saikumar and Sch{\"o}nlieb, Carola-Bibiane},
  journal={IEEE Transactions on Image Processing},
  volume={31},
  pages={1805--1815},
  year={2022},
  publisher={IEEE}
}
@article{xu2022semi,
  title={Semi-supervised semantic segmentation with prototype-based consistency regularization},
  author={Xu, Haiming and Liu, Lingqiao and Bian, Qiuchen and Yang, Zhen},
  journal={Advances in neural information processing systems},
  volume={35},
  pages={26007--26020},
  year={2022}
}

@inproceedings{yang2023revisiting,
  title={Revisiting weak-to-strong consistency in semi-supervised semantic segmentation},
  author={Yang, Lihe and Qi, Lei and Feng, Litong and Zhang, Wayne and Shi, Yinghuan},
  booktitle={Proceedings of the IEEE/CVF conference on computer vision and pattern recognition},
  pages={7236--7246},
  year={2023}
}

@inproceedings{lin2017focal,
  title={Focal loss for dense object detection},
  author={Lin, Tsung-Yi and Goyal, Priya and Girshick, Ross and He, Kaiming and Doll{\'a}r, Piotr},
  booktitle={Proceedings of the IEEE international conference on computer vision},
  pages={2980--2988},
  year={2017}
}

@inproceedings{milletari2016v,
  title={V-net: Fully convolutional neural networks for volumetric medical image segmentation},
  author={Milletari, Fausto and Navab, Nassir and Ahmadi, Seyed-Ahmad},
  booktitle={2016 fourth international conference on 3D vision (3DV)},
  pages={565--571},
  year={2016},
  organization={Ieee}
}

@inproceedings{jadon2020survey,
  title={A survey of loss functions for semantic segmentation},
  author={Jadon, Shruti},
  booktitle={2020 IEEE conference on computational intelligence in bioinformatics and computational biology (CIBCB)},
  pages={1--7},
  year={2020},
  organization={IEEE}
}
@article{buda2018systematic,
  title={A systematic study of the class imbalance problem in convolutional neural networks},
  author={Buda, Mateusz and Maki, Atsuto and Mazurowski, Maciej A},
  journal={Neural networks},
  volume={106},
  pages={249--259},
  year={2018},
  publisher={Elsevier}
}

@article{azad2023loss,
  title={Loss functions in the era of semantic segmentation: A survey and outlook},
  author={Azad, Reza and Heidary, Moein and Yilmaz, Kadir and H{\"u}ttemann, Michael and Karimijafarbigloo, Sanaz and Wu, Yuli and Schmeink, Anke and Merhof, Dorit},
  journal={arXiv preprint arXiv:2312.05391},
  year={2023}
}


@inproceedings{ke2019dual,
  title={Dual student: Breaking the limits of the teacher in semi-supervised learning},
  author={Ke, Zhanghan and Wang, Daoye and Yan, Qiong and Ren, Jimmy and Lau, Rynson WH},
  booktitle={Proceedings of the IEEE/CVF international conference on computer vision},
  pages={6728--6736},
  year={2019}
}
@inproceedings{sun2024corrmatch,
  title={Corrmatch: Label propagation via correlation matching for semi-supervised semantic segmentation},
  author={Sun, Boyuan and Yang, Yuqi and Zhang, Le and Cheng, Ming-Ming and Hou, Qibin},
  booktitle={Proceedings of the IEEE/CVF Conference on Computer Vision and Pattern Recognition},
  pages={3097--3107},
  year={2024}
}

